@book{autor2023,
    author    = {Nome do Autor},
    title     = {Título do Livro},
    year      = {2023},
    publisher = {Editora},
    address   = {Cidade}
}

@article{fulano2024,
    author  = {Nome de Fulano},
    title   = {Título do Artigo},
    journal = {Nome do Periódico},
    year    = {2024},
    volume  = {12},
    number  = {3},
    pages   = {45-67}
}